@misc{CKR-report,
	Author = {Cheval, Vincent and Kremer, Steve and Rakotonirina, Itasaka},
	Title = {On the complexity of deciding equivalences in finite process calculi},
	Year = {2017},
	Url = {https://members.loria.fr/VCheval/files/CK-report.pdf}
}

@inproceedings{DBLP:conf/post/BabelCK17,
  author    = {Kushal Babel and
               Vincent Cheval and
               Steve Kremer},
  title     = {On Communication Models When Verifying Equivalence Properties},
  booktitle = {Principles of Security and Trust - 6th International Conference, {POST}
               2017, Held as Part of the European Joint Conferences on Theory and
               Practice of Software, {ETAPS} 2017, Uppsala, Sweden, April 22-29,
               2017, Proceedings},
  pages     = {141--163},
  year      = {2017},
  crossref  = {DBLP:conf/post/2017},
  url       = {http://dx.doi.org/10.1007/978-3-662-54455-6_7},
  doi       = {10.1007/978-3-662-54455-6_7},
  timestamp = {Tue, 28 Mar 2017 12:03:27 +0200},
  biburl    = {http://dblp.uni-trier.de/rec/bib/conf/post/BabelCK17},
  bibsource = {dblp computer science bibliography, http://dblp.org}
}
@proceedings{DBLP:conf/post/2017,
  editor    = {Matteo Maffei and
               Mark Ryan},
  title     = {Principles of Security and Trust - 6th International Conference, {POST}
               2017, Held as Part of the European Joint Conferences on Theory and
               Practice of Software, {ETAPS} 2017, Uppsala, Sweden, April 22-29,
               2017, Proceedings},
  series    = {Lecture Notes in Computer Science},
  volume    = {10204},
  publisher = {Springer},
  year      = {2017},
  url       = {http://dx.doi.org/10.1007/978-3-662-54455-6},
  doi       = {10.1007/978-3-662-54455-6},
  isbn      = {978-3-662-54454-9},
  timestamp = {Tue, 28 Mar 2017 12:01:02 +0200},
  biburl    = {http://dblp.uni-trier.de/rec/bib/conf/post/2017},
  bibsource = {dblp computer science bibliography, http://dblp.org}
}